<!DOCTYPE html>
<html lang="pt-br">
<head>
    <meta charset="UTF-8">
    <meta name="viewport" content="width=device-width, initial-scale=1.0">
    <title>Orçamento Completo de Evento</title>
    <style>
        body {
            font-family: 'Poppins', sans-serif;
            margin: 0;
            padding: 0;
            background: url('Fotos/Avatares.jpeg') no-repeat center center fixed;
            background-size: cover;
            color: #fff;
            text-align: center;
        }

        h1, h2 {
            color: #ffcc00;
            text-shadow: 2px 2px 4px rgba(0, 0, 0, 0.7);
        }

        h1 {
            font-size: 3em;
            margin-top: 20px;
        }

        h2 {
            font-size: 2em;
            margin-top: 40px;
        }

        table {
            width: 90%;
            max-width: 1000px;
            margin: 20px auto;
            border-collapse: collapse;
            background: rgba(0, 0, 0, 0.7);
            color: #fff;
            box-shadow: 0 4px 8px rgba(0, 0, 0, 0.3);
        }

        th, td {
            padding: 12px;
            border: 1px solid #555;
        }

        th {
            background-color: #004080;
            color: #fff;
        }

        .summary {
            background-color: #2d2d2d;
            font-weight: bold;
        }

        .total {
            font-size: 1.5em;
            color: #ffcc00;
            font-weight: bold;
        }

        .btn-toggle {
            font-size: 1.2em;
            padding: 15px;
            background-color: #4CAF50;
            color: #fff;
            border: none;
            cursor: pointer;
            margin-top: 20px;
            transition: background-color 0.3s;
            border-radius: 5px;
        }

        .btn-toggle:hover {
            background-color: #45a049;
        }

        .table-container {
            display: none;
        }
    </style>
</head>
<body>

    <h1>Orçamento Completo de Evento</h1>

    <!-- Churrasco Opção 1 -->
    <button class="btn-toggle" onclick="toggleSection('churrasco1Container')">Churrasco Opção 1</button>
    <div id="churrasco1Container" class="table-container">
        <h2>Churrasco Opção 1</h2>
            <table>
            <thead>
                <tr>
                    <th>Item</th>
                    <th>Preço Unitário (R$)</th>
                    <th>Quantidade</th>
                    <th>Custo Total (R$)</th>
                </tr>
            </thead>
            <tbody>
                <tr>
                    <td>Picanha</td>
                    <td>R$ 89,90/kg</td>
                    <td>13 kg</td>
                    <td>R$ 1168,70</td>
                </tr>
                <tr>
                    <td>Picanha Suína</td>
                    <td>R$ 38,90/kg</td>
                    <td>13 kg</td>
                    <td>R$ 505,70</td>
                </tr>
                <tr>
                    <td>Fraldinha</td>
                    <td>R$ 32,90/kg</td>
                    <td>13 kg</td>
                    <td>R$ 427,70</td>
                </tr>
                <tr>
                    <td>Alcatra</td>
                    <td>R$ 35,90/kg</td>
                    <td>13 kg</td>
                    <td>R$ 466,70</td>
                </tr>
                <tr>
                    <td>Lombo Suíno</td>
                    <td>R$ 28,90/kg</td>
                    <td>13 kg</td>
                    <td>R$ 375,70</td>
                </tr>
                <tr>
                    <td>Contra Filé</td>
                    <td>R$ 41,90/kg</td>
                    <td>13 kg</td>
                    <td>R$ 544,70</td>
                </tr>
                <tr>
                    <td>Medalhão Porco</td>
                    <td>R$ 29,90/kg</td>
                    <td>13 kg</td>
                    <td>R$ 388,70</td>
                </tr>
                <tr>
                    <td>Linguiça de Porco</td>
                    <td>R$ 29,90/kg</td>
                    <td>13 kg</td>
                    <td>R$ 388,70</td>
                </tr>
                <tr>
                    <td>Linguiça de Frango</td>
                    <td>R$ 29,90/kg</td>
                    <td>13 kg</td>
                    <td>R$ 388,70</td>
                </tr>
                <tr>
                    <td>Queijo Coalho</td>
                    <td>R$ 23,90/kg</td>
                    <td>13 kg</td>
                    <td>R$ 310,70</td>
                </tr>
                <tr>
                    <td>Pão de Alho de Tomate e Ervas</td>
                    <td>R$ 8,90/un</td>
                    <td>30 unidades</td>
                    <td>R$ 267,00</td>
                </tr>
                <tr class="total">
                    <td colspan="3">Total</td>
                    <td>R$ 5621,70</td>
                </tr>
            <tr class="summary">
                <td colspan="3">Subtotal Churrasco Opção 1</td>
                <td id="subtotalChurrasco1">5621,70</td>
            </tr>
        </table>
    </div>

    <!-- Churrasco Opção 2 -->
    <button class="btn-toggle" onclick="toggleSection('churrasco2Container')">Churrasco Opção 2</button>
    <div id="churrasco2Container" class="table-container">
        <h1>Churrasco Opção 2 - Carnes Vermelhas e Brancas (Para 30 pessoas)</h1>

    <table>
        <thead>
            <tr>
                <th>Item</th>
                <th>Preço Unitário (R$)</th>
                <th>Quantidade</th>
                <th>Custo Total (R$)</th>
            </tr>
        </thead>
        <tbody>
            <tr>
                <td>Maminha</td>
                <td>R$ 42,90/kg</td>
                <td>13 kg</td>
                <td>R$ 557,70</td>
            </tr>
            <tr>
                <td>Pernil Suíno ao Molho</td>
                <td>R$ 35,90/kg</td>
                <td>13 kg</td>
                <td>R$ 466,70</td>
            </tr>
            <tr>
                <td>Picanha</td>
                <td>R$ 89,90/kg</td>
                <td>13 kg</td>
                <td>R$ 1168,70</td>
            </tr>
            <tr>
                <td>Costela Boi</td>
                <td>R$ 28,90/kg</td>
                <td>13 kg</td>
                <td>R$ 375,70</td>
            </tr>
            <tr>
                <td>Tulipa</td>
                <td>R$ 24,90/kg</td>
                <td>13 kg</td>
                <td>R$ 323,70</td>
            </tr>
            <tr>
                <td>Coração de Galinha</td>
                <td>R$ 31,90/kg</td>
                <td>13 kg</td>
                <td>R$ 414,70</td>
            </tr>
            <tr>
                <td>Linguiça de Frango com Ervas Finas</td>
                <td>R$ 29,90/kg</td>
                <td>13 kg</td>
                <td>R$ 388,70</td>
            </tr>
            <tr>
                <td>Linguiça de Porco Defumada</td>
                <td>R$ 29,90/kg</td>
                <td>13 kg</td>
                <td>R$ 388,70</td>
            </tr>
            <tr>
                <td>Medalhão de Frango</td>
                <td>R$ 25,90/kg</td>
                <td>13 kg</td>
                <td>R$ 336,70</td>
            </tr>
            <tr>
                <td>Medalhão de Queijo</td>
                <td>R$ 31,90/kg</td>
                <td>13 kg</td>
                <td>R$ 414,70</td>
            </tr>
            <tr>
                <td>Pão de Alho com Bacon</td>
                <td>R$ 8,90/un</td>
                <td>30 unidades</td>
                <td>R$ 267,00</td>
            </tr>
            <tr class="total">
                <td colspan="3">Total</td>
                <td>R$ 5103,00</td>
            </tr>
            <tr class="summary">
                <td colspan="3">Subtotal Churrasco Opção 2</td>
                <td id="subtotalChurrasco2">5103,00</td>
            </tr>
        </table>
    </div>

    <!-- Acompanhamentos -->
    <button class="btn-toggle" onclick="toggleSection('acompanhamentosContainer')">Acompanhamentos</button>
    <div id="acompanhamentosContainer" class="table-container">
        <h2>Acompanhamentos</h2>
        <table>
            <tr>
                <th>Item</th>
                <th>Descrição</th>
                <th>Quantidade</th>
                <th>Custo Unitário (R$)</th>
                <th>Total (R$)</th>
            </tr>
            <tr>
                <td>Chimichurri</td>
                <td>Porção para 10 pessoas</td>
                <td>10</td>
                <td>33,90</td>
                <td id="chimichurri">101,70</td>
            </tr>
            <tr>
                <td>Salada Tropical</td>
                <td>Com nozes e uvas-passas</td>
                <td>10</td>
                <td>35,90</td>
                <td id="saladaTropical">107,70</td>
            </tr>
            <tr>
                <td>Vinagrete</td>
                <td>Porção para 10 pessoas</td>
                <td>10</td>
                <td>21,70</td>
                <td id="vinagrete">65,10</td>
            </tr>
            <tr class="summary">
                <td colspan="4">Subtotal Acompanhamentos</td>
                <td id="subtotalAcompanhamentos">915,00</td>
            </tr>
        </table>
    </div>

    <div class="total">
        <h2>Total Geral do Orçamento:</h2>
        <p><strong>Total do Churrasco: R$ <span id="totalChurrasco">10724,70</span></strong></p>
        <p><strong>Total dos Acompanhamentos: R$ <span id="totalAcompanhamentos">915,00</span></strong></p>
        <p><strong>Total Geral: R$ <span id="totalGeral">11639,70</span></strong></p>
    </div>

    <button class="btn-toggle" onclick="salvarOrcamento()">Salvar Orçamento</button>
    <button class="btn-toggle" onclick="window.location.href='Orçamentogeral.html'">Voltar para a Página de Orçamento</button>

    <script>
        function toggleSection(sectionId) {
            const section = document.getElementById(sectionId);
            section.style.display = section.style.display === 'none' ? 'block' : 'none';
        }

        function calcularTotal() {
            const picanha1 = parseFloat(document.getElementById('picanha1').innerText);
            const picanhaSuina1 = parseFloat(document.getElementById('picanhaSuina1').innerText);
            const fraldinha1 = parseFloat(document.getElementById('fraldinha1').innerText);
            const alcatra1 = parseFloat(document.getElementById('alcatra1').innerText);
            const linguica1 = parseFloat(document.getElementById('linguica1').innerText);
            const asaFrango1 = parseFloat(document.getElementById('asaFrango1').innerText);
            const subtotalChurrasco1 = picanha1 + picanhaSuina1 + fraldinha1 + alcatra1 + linguica1 + asaFrango1;

            const picanha2 = parseFloat(document.getElementById('picanha2').innerText);
            const picanhaSuina2 = parseFloat(document.getElementById('picanhaSuina2').innerText);
            const fraldinha2 = parseFloat(document.getElementById('fraldinha2').innerText);
            const alcatra2 = parseFloat(document.getElementById('alcatra2').innerText);
            const linguica2 = parseFloat(document.getElementById('linguica2').innerText);
            const asaFrango2 = parseFloat(document.getElementById('asaFrango2').innerText);
            const subtotalChurrasco2 = picanha2 + picanhaSuina2 + fraldinha2 + alcatra2 + linguica2 + asaFrango2;

            const chimichurri = parseFloat(document.getElementById('chimichurri').innerText);
            const saladaTropical = parseFloat(document.getElementById('saladaTropical').innerText);
            const vinagrete = parseFloat(document.getElementById('vinagrete').innerText);
            const subtotalAcompanhamentos = chimichurri + saladaTropical + vinagrete;

            // Atualizando os subtotais na tabela
            document.getElementById('subtotalChurrasco1').innerText = subtotalChurrasco1.toFixed(2);
            document.getElementById('subtotalChurrasco2').innerText = subtotalChurrasco2.toFixed(2);
            document.getElementById('subtotalAcompanhamentos').innerText = subtotalAcompanhamentos.toFixed(2);

            // Calculando o total geral
            const totalChurrasco = subtotalChurrasco1 + subtotalChurrasco2;
            const totalAcompanhamentos = subtotalAcompanhamentos;
            const totalGeral = totalChurrasco + totalAcompanhamentos;

            document.getElementById('totalChurrasco').innerText = totalChurrasco.toFixed(2);
            document.getElementById('totalAcompanhamentos').innerText = totalAcompanhamentos.toFixed(2);
            document.getElementById('totalGeral').innerText = totalGeral.toFixed(2);
        }

        function salvarOrcamento() {
            const totalChurrasco = document.getElementById('totalChurrasco').innerText;
            const totalAcompanhamentos = document.getElementById('totalAcompanhamentos').innerText;
            const totalGeral = document.getElementById('totalGeral').innerText;

            const orcamento = {
                totalChurrasco: totalChurrasco,
                totalAcompanhamentos: totalAcompanhamentos,
                totalGeral: totalGeral
            };

            localStorage.setItem('orcamentoChurrascoTotal', totalChurrasco);
            alert('Orçamento salvo com sucesso!');
        }

        // Calcular total ao carregar a página
        calcularTotal();
    </script>
</body>
</html>
